
@online{noauthor_ampl_nodate,
	title = {{AMPL} official website},
	url = {http://ampl.com/},
}

@book{fourer_ampl_2003,
	edition = {2nd Ed},
	title = {{AMPL}: A Modeling Language for Mathematical Programming},
	isbn = {0-534-38809-4},
	url = {https://ampl.com/learn/ampl-book/},
	author = {Fourer, Robert and Gay, David M. and Kernighan, Brian W.},
	date = {2003},
}

@incollection{luenberger_duality_2008,
	location = {New York, {NY}},
	title = {Duality},
	isbn = {978-0-387-74503-9},
	series = {International Series in Operations Research \& Management Science},
	pages = {79--110},
	booktitle = {Linear and Nonlinear Programming},
	publisher = {Springer {US}},
	author = {Luenberger, David G. and Ye, Yinyu},
	date = {2008},
	langid = {english},
	doi = {10.1007/978-0-387-74503-9_4},
	keywords = {Complementary Slackness, Dual Problem, Dual Program, Duality Theorem, Linear Inequality},
	file = {Full Text PDF:/home/leix/Documents/Zotero/storage/9HZ533SS/Luenberger and Ye - 2008 - Duality.pdf:application/pdf},
}

@misc{castro_otdm_nodate,
	title = {{OTDM} Slides on: Constrained nonlinear optimization and support vector machines - Atenea},
	url = {https://atenea.upc.edu/course/view.php?id=80408#section-3},
	author = {Castro, Jordi},
}

@online{noauthor_uci_nodate,
	title = {{UCI} Machine Learning Repository: Ionosphere Data Set},
	url = {https://archive.ics.uci.edu/ml/datasets/Ionosphere},
	file = {UCI Machine Learning Repository\: Ionosphere Data Set:/home/leix/Documents/Zotero/storage/577V22NV/Ionosphere.html:text/html},
}

@misc{dua_uci_2017,
	title = {{UCI} Machine Learning Repository},
	url = {http://archive.ics.uci.edu/ml},
	publisher = {University of California, Irvine, School of Information and Computer Sciences},
	author = {Dua, Dheeru and Graff, Casey},
	date = {2017},
}

@software{peter_hyperfine_2022,
	title = {hyperfine},
	url = {https://github.com/sharkdp/hyperfine},
	version = {1.15.0},
	author = {Peter, David},
	date = {2022-09},
}
